@Book{atsc:a53b,
  author = 	 {ATSC},
  editor = 	 {},
  title = 	 {ATSC Standard: Digital Television Standard, Revision B},
  publisher = 	 {ATSC},
  year = 	 {2001},
  OPTaddress = 	 {1750 K Street, N.W. Suite 1200, Washington, D.C. 20006},
  OPTmonth = 	 {August},

}


@Misc{fleming:tutorial,
  author = 	 {Chip Fleming},
  title = 	 {A Tutorial on Convolutional Coding with Viterbi Decoding},
  howpublished = {Spectrum Applications: World Wide Web. http://pw1.netcom.com/~chip.f/viterbi/tutorial.html},
  month = 	 {July},
  year = 	 {2002},
  note = 	 {},
  annote = 	 {}
}
