@misc{ crandallKlivington,
  author = "Richard Crandall and Jason Klivington",
  title = "Fast matrix algebra on Apple G4",
  year = "2000",
  month = "Feburary",
  url = "http://developer.apple.com/hardware/ve/pdf/g4matrix.pdf" }




@TechReport{xiong-thesis,
  author = 	 {Jianxin Xiong},
  title = 	 {Automatic Optimization of DSP Algorithms},
  institution =  {University of Illinois at Urbana-Champaign},
  year = 	 {2001},
  note=          {PhD Thesis},
  number = 	 {UIUCDCS-R-2001-224},
}

@inproceedings{ xiong01spl,
    author = "Jianxin Xiong and Jeremy Johnson and Robert W. Johnson and David A. Padua",
    title = "{SPL}: A Language and Compiler for {DSP} Algorithms",
    booktitle = "{SIGPLAN} Conference on Programming Language Design and Implementation",
    pages = "298-308",
    year = "2001",
    url = "citeseer.nj.nec.com/xiong01spl.html" }

@article{ johnson01searching,
    author = "Jeremy Johnson and Robert W. Johnson and David A. Padua and Jianxin Xiong",
    title = "Searching for the Best {FFT} Formulas with the {SPL} Compiler",
    journal = "Lecture Notes in Computer Science",
    volume = "2017",
    pages = "112--??",
    year = "2001",
    url = "citeseer.nj.nec.com/479335.html" }

@article{ egner01automatic,
    author = "S. Egner and J. Johnson and D. Padua and M. P{\"u}schel and J. Xiong",
    title = "Automatic Derivation and Implementation of Signal Processing Algorithms",
    journal = "SIGSAM Bulletin (ACM Special Interest Group on Symbolic and Algebraic Manipulation)",
    volume = "35",
    number = "2",
    pages = "1--19",
    year = "2001",
    url = "citeseer.nj.nec.com/485983.html"}

@article{ singer02automatic,
    author = "Byran Singer and Manuela M. Veloso",
    title = "Automating the Modeling and Optimization of the Performance of Signal Transforms",
    journal = "IEEE Transactions on Signal Processing",
    volume = "50",
    number = "8",
    pages = "2003--2014",
    year = "2002"}

@article{ bik96automatic,
    author = "Aart J. C. Bik and Harry A.G. Wijshoff",
    title = "Automatic Data Structure Selection and Transformation for Sparse Matrix Computations",
    journal = "IEEE Transactions on Parallel and Distributed Systems",
    volume = "7",
    number = "2",
    pages = "109--126",
    year = "1996"}

@misc{ spiral,
  author = "Jeremy Johnson and Robert W. Johnson and David A. Padua and Jianxin Xiong",
  title = "Home Page of the SPIRAL Project",
  howPublished   = "http://www.ece.cmu.edu/~spiral/"}
  url   = "http://www.ece.cmu.edu/~spiral/"}



@article{ whaley01automated,
    author = "R. Clint Whaley and Antoine Petitet and Jack J. Dongarra",
    title = "Automated empirical optimizations of software and the {ATLAS} project",
    journal = "Parallel Computing",
    volume = "27",
    number = "1--2",
    pages = "3--35",
    year = "2001",
    url = "citeseer.nj.nec.com/whaley00automated.html" }




@misc{ frigo98fftw,
  author = "M. Frigo and S. Johnson",
  title = "FFTW: An adaptive software architecture for the FFT",
  text = "Matteo Frigo and Steven G. Johnson. FFTW: An adaptive software architecture for the FFT. In Proceedings of the IEEE International Conference on Acoustics, Speech, and Signal Processing, volume 3, pages 1381-- 1384, Seattle, WA, May 1998.",
  year = "1998",
  url = "citeseer.nj.nec.com/frigo98fftw.html" }

@inproceedings{ frigo99fast,
    author = "M. Frigo",
    title = "{A Fast Fourier Transform Compiler}",
    booktitle = "{PLDI}'99 --- Conference on Programming Language Design and Implementation",
    address = "Atlanta, GA",
    year = "1999",
    url = "citeseer.nj.nec.com/frigo99fast.html" }

@misc{fftw, 
  author = "M. Frigo and S. Johnson",
  title = "Home Page of FFTW",
  howPublished   = "http://www.fftw.org"}
  url   = "http://www.fftw.org"}






@article{ waingold97baring,
    author = "Elliot Waingold and Michael Taylor and Devabhaktuni Srikrishna and Vivek Sarkar and Walter Lee and Victor Lee and Jang Kim and Matthew Frank and Peter Finch and Rajeev Barua and Jonathan Babb and Saman Amarasinghe and Anant Agarwal",
    title = "Baring It All to Software: Raw Machines",
    journal = "Computer",
    volume = "30",
    number = "9",
    pages = "86--93",
    year = "1997",
    url = "citeseer.nj.nec.com/waingold97baring.html" }


@Article{raw-micro,
  author = 	 {M.B. Taylor and et. al },
  title = 	 {The raw microprocessor: a computational fabric for software circuits and general-purpose programs },
  journal = 	 {IEEE Micro},
  year = 	 {2002},
  volume = 	 {22},
  number = 	 {2},
  pages = 	 {25-35},
  month = 	 {March/April},
}

@inproceedings{ thies02streamit,
    author = "William Thies and Michal Karczmarek and Saman P. Amarasinghe",
    title = "StreamIt: A Language for Streaming Applications",
    booktitle = "Computational Complexity",
    pages = "179-196",
    year = "2002",
    url = "citeseer.nj.nec.com/article/thies01streamit.html" }




@TechReport{thies01streamit,
  author = 	 {W. Thies and M. Karczmarek and M. Gordon and D. Maze and J. Wong and H. Ho and M. Brown and S. Amarasinghe},
  title = 	 {StreamIt: A Compiler for Streaming Applications},
  institution =  {MIT Laboratory for Computer Science},
  year = 	 {},
  OPTkey = 	 {},
  OPTtype = 	 {MIT LCS Technical Memo},
  number = 	 {TM-622},
  address = 	 {Cambridge, MA},
  month = 	 {December},
  OPTnote = 	 {},
  OPTannote = 	 {}
}

@TechReport{william-stream,
  author = 	 {Michael Gordon and William Thies and Michal Karczmarek and Jeremy Wong and Henry Hoffmann and David Maze and Saman Amarasinghe},
  title = 	 {A Stream Compiler for Communication-Exposed Architectures},
  institution =  {MIT Laboratory for Computer Science},
  year = 	 {},
  OPTkey = 	 {},
  OPTtype = 	 {MIT LCS Technical Memo},
  number = 	 {TM-627},
  address = 	 {Cambridge, MA},
  month = 	 {December},
  OPTnote = 	 {},
  OPTannote = 	 {},
  url = "citeseer.nj.nec.com/gordon02stream.html"
}



@Article{michal-common,
  author = 	 {William Thies and Michal Karczmarek and Michael Gordon and David Maze and Jeremy Wong and Henry Hoffmann and Matthew Brown and Saman Amarasinghe},
  title = 	 {A Common Machine Language for Grid-Based Architectures},
  journal = 	 {ACM SIGARCH Computer Architecture News},
  year = 	 {2002},
  OPTmonth = 	 {June},
  url = "citeseer.nj.nec.com/527347.html"
}



@Book{oppenheim-symbolic,
  editor = 	 {Alan V. Oppenheim and S. Hamid Nawab},
  title = 	 {Symbolic and Knowledge-Based Signal Processing},
  publisher = 	 {Prentice Hall},
  year = 	 {1992},
}
@Book{oppenheim-discrete,
  author = 	 {Alan V. Oppenheim and Ronald W. Shafer and John R. Buck},
  title = 	 {Discrete-Time Signal Processing},
  publisher = 	 {Prentice Hall},
  year = 	 {1999},
  edition =      {second}
}
@Book{lyons-understanding,
  author = 	 {Richard G. Lyons},
  title = 	 {Understanding Digital Signal Processing},
  publisher = 	 {Prentice Hall PTR},
  year = 	 {2001},
}


@Book{covell-ade,
  author = 	 {Michele Mae Covell},
  title = 	 {An Algorithm Design Environment for Signal Processing},
  publisher = 	 {Research Lab for Electronics, Massachusetts Institute of Technology},
  year = 	 {1989},
  number = 	 {RLE Technical Report No. 549},
  note = 	 {PhD thesis, Alan V. Oppenheim supervisor},
}


@MastersThesis{karczma-thesis,
  author = 	 {Michael A. Karczmarek},
  title = 	 {Constrained and phased scheduling of synchronous data flow graphs for the StreamIt language.},
  school = 	 {MIT Laboratory for Computer Science},
  year = 	 {2002},
}

@Book{dragon-book,
  author = 	 {Alfred V. Aho, Ravi Sethi and Jeffrey D. Ullman},
  title = 	 {Compilers: Principles, Techniques, and Tools},
  publisher = 	 {Addison-Wesley Publishing Company},
  year = 	 {1988},
  edition = 	 {second},
}
@Book{tiger-book,
  author = 	 {Andrew W. Appel},
  title = 	 {Modern Compiler Implementation in Java},
  publisher = 	 {Cambridge University Press},
  year = 	 {1998},
  edition = 	 {second},
}
@Book{totem-book,
  author = 	 {Steven S. Muchnick},
  title = 	 {Advanced Compiler Design and Implementation},
  publisher = 	 {Morgan Kaufmann Publishers},
  year = 	 {1997},
  edition = 	 {first},
}



@misc{ matlab,
  author = "The MathWorks, Inc.",
  title = "MATLAB Homepage",
  howPublished   = "http://www.mathworks.com"}
  url   = "http://www.mathworks.com"}



@misc{cell-webpage,
  author = "John G. Spooner",
  title = "Chip trio allows glimpse into ``Cell''",
  howPublished   = "http://news.com.com/2100-1001-948493.html"}
  url   = "http://news.com.com/2100-1001-948493.html"}

